<?xml version="1.0" encoding="UTF-8"?><record xmlns="http://www.loc.gov/MARC21/slim" xmlns:cinclude="http://apache.org/cocoon/include/1.0" xmlns:zs="http://www.loc.gov/zing/srw/">
  <leader>01061cz  a2200217n  4500</leader>
  <controlfield tag="001">no2005063197</controlfield>
  <controlfield tag="003">DLC</controlfield>
  <controlfield tag="005">20050723071254.0</controlfield>
  <controlfield tag="008">050708n| acannaabn          |a ana      </controlfield>
  <datafield tag="010" ind1=" " ind2=" ">
    <subfield code="a">no2005063197</subfield>
  </datafield>
  <datafield tag="035" ind1=" " ind2=" ">
    <subfield code="a">(OCoLC)oca06677255</subfield>
  </datafield>
  <datafield tag="040" ind1=" " ind2=" ">
    <subfield code="a">DLC-S</subfield>
    <subfield code="b">eng</subfield>
    <subfield code="c">DLC-S</subfield>
    <subfield code="d">DLC-S</subfield>
  </datafield>
  <datafield tag="110" ind1="2" ind2=" ">
    <subfield code="a">Universytet ekonomiky ta prava "KROK"</subfield>
  </datafield>
  <datafield tag="410" ind1="2" ind2=" ">
    <subfield code="a">Vyshchyĭ navchalʹnyĭ zaklad universytet ekonomiky ta prava "KROK"</subfield>
  </datafield>
  <datafield tag="410" ind1="2" ind2=" ">
    <subfield code="a">KROK</subfield>
  </datafield>
  <datafield tag="410" ind1="2" ind2=" ">
    <subfield code="a">Universytet "KROK"</subfield>
  </datafield>
  <datafield tag="410" ind1="2" ind2=" ">
    <subfield code="a">"KROK" Economics and Law University</subfield>
  </datafield>
  <datafield tag="410" ind1="2" ind2=" ">
    <subfield code="a">Universitet ėkonomiki i  prava "KROK"</subfield>
  </datafield>
  <datafield tag="510" ind1="2" ind2=" ">
    <subfield code="w">a</subfield>
    <subfield code="a">Instytut ekonomiky ta prava "KROK"</subfield>
  </datafield>
  <datafield tag="670" ind1=" " ind2=" ">
    <subfield code="a">Vcheni zapysky. Serii︠a︡ "Ekonomika", Vyp. 10, (2003):</subfield>
    <subfield code="b">t.p. (Universytet ekonomiky ta prava "KROK"); Vyp. 9 (2003): t.p. (Instytut ekonomiky ta prava "KROK")</subfield>
  </datafield>
  <datafield tag="670" ind1=" " ind2=" ">
    <subfield code="a">Its website, viewed July 8th, 2005:</subfield>
    <subfield code="b">Homepage (Vyshchyĭ navchalʹnyĭ zaklad universytet ekonomiky ta prava "KROK) Ukrainian/Pro nas (Universytet "KROK") Russian (Universitet ėkonomiki i  prava "KROK") English ("KROK" Economics and Law University)</subfield>
  </datafield>
</record>